<record><leader>00000nas a2200000 i 4500</leader><controlfield tag="001">1004663291</controlfield><controlfield tag="008">170925u198uuuuugaumx n       0    0eng c</controlfield><datafield ind1=" " ind2=" " tag="010"><subfield code="a">  2017233032</subfield></datafield><datafield ind1=" " ind2=" " tag="040"><subfield code="a">GUA</subfield><subfield code="b">eng</subfield><subfield code="e">rda</subfield><subfield code="c">GUA</subfield></datafield><datafield ind1=" " ind2=" " tag="042"><subfield code="a">pcc</subfield></datafield><datafield ind1=" " ind2=" " tag="043"><subfield code="a">n-us-ga</subfield></datafield><datafield ind1=" " ind2="4" tag="050"><subfield code="a">LJ41.G46</subfield><subfield code="b">P44</subfield></datafield><datafield ind1="0" ind2=" " tag="130"><subfield code="a">Pegasus (Athens, Ga.)</subfield></datafield><datafield ind1="1" ind2="4" tag="245"><subfield code="a">The pegasus.</subfield></datafield><datafield ind1=" " ind2="1" tag="264"><subfield code="a">Athens, Ga.:</subfield><subfield code="b">University of Georgia Interfraternity and Panhellenic Councils</subfield></datafield><datafield ind1=" " ind2=" " tag="300"><subfield code="a">volumes :</subfield><subfield code="b">illustrations ;</subfield><subfield code="c">39 cm, folded to 19 x 29 cm</subfield></datafield><datafield ind1=" " ind2=" " tag="310"><subfield code="a">Monthly when school is in session,</subfield><subfield code="b">&lt;February 12, 1987-&gt;</subfield></datafield><datafield ind1=" " ind2=" " tag="321"><subfield code="a">Published twice per quarter during the regular school year,</subfield><subfield code="b">&lt;February 11, 1985-May 5, 1986&gt;</subfield></datafield><datafield ind1=" " ind2=" " tag="336"><subfield code="a">text</subfield><subfield code="b">txt</subfield><subfield code="2">rdacontent</subfield></datafield><datafield ind1=" " ind2=" " tag="337"><subfield code="a">unmediated</subfield><subfield code="b">n</subfield><subfield code="2">rdamedia</subfield></datafield><datafield ind1=" " ind2=" " tag="338"><subfield code="a">volume</subfield><subfield code="b">nc</subfield><subfield code="2">rdacarrier</subfield></datafield><datafield ind1=" " ind2=" " tag="500"><subfield code="a">Issues for March 11, 1985- have subtitle: Newspaper of the University of Georgia greek system.</subfield></datafield><datafield ind1=" " ind2=" " tag="515"><subfield code="a">Issue for February 11, 1985 lacks enumeration.</subfield></datafield><datafield ind1=" " ind2=" " tag="588"><subfield code="a">Description based on: February 11, 1985; title from masthead.</subfield></datafield><datafield ind1=" " ind2=" " tag="588"><subfield code="a">Latest issue consulted: Volume 7, number 6 (March 12, 1987).</subfield></datafield><datafield ind1="2" ind2="0" tag="610"><subfield code="a">University of Georgia.</subfield><subfield code="b">Inter-Fraternity Council</subfield><subfield code="v">Newspapers.</subfield></datafield><datafield ind1="2" ind2="0" tag="610"><subfield code="a">University of Georgia.</subfield><subfield code="b">Pan-Hellenic Council</subfield><subfield code="v">Newspapers.</subfield></datafield><datafield ind1=" " ind2="0" tag="650"><subfield code="a">College sorority members</subfield><subfield code="z">Georgia</subfield><subfield code="z">Athens</subfield><subfield code="v">Newspapers.</subfield></datafield><datafield ind1=" " ind2="0" tag="650"><subfield code="a">College fraternity members</subfield><subfield code="z">Georgia</subfield><subfield code="z">Athens</subfield><subfield code="v">Newspapers.</subfield></datafield><datafield ind1=" " ind2="0" tag="650"><subfield code="a">College student newspapers and periodicals.</subfield></datafield><datafield ind1="2" ind2=" " tag="710"><subfield code="a">University of Georgia.</subfield><subfield code="b">Inter-Fraternity Council,</subfield><subfield code="e">issuing body.</subfield></datafield><datafield ind1="2" ind2=" " tag="710"><subfield code="a">University of Georgia.</subfield><subfield code="b">Pan-Hellenic Council,</subfield><subfield code="e">issuing body.</subfield></datafield></record>